@article{Anderson2005,
  doi = {10.1002/mrm.20667},
  url = {https://doi.org/10.1002/mrm.20667},
  year = {2005},
  publisher = {Wiley},
  volume = {54},
  number = {5},
  pages = {1194--1206},
  author = {Adam W. Anderson},
  title = {Measurement of fiber orientation distributions using high angular resolution diffusion imaging},
  journal = {Magnetic Resonance in Medicine}
}

@article{Hess2006,
  doi = {10.1002/mrm.20931},
  url = {https://doi.org/10.1002/mrm.20931},
  year = {2006},
  publisher = {Wiley},
  volume = {56},
  number = {1},
  pages = {104--117},
  author = {Christopher P. Hess and Pratik Mukherjee and Eric T. Han and Duan Xu and Daniel B. Vigneron},
  title = {Q-ball reconstruction of multimodal fiber orientations using the spherical harmonic basis},
  journal = {Magnetic Resonance in Medicine}
}

@inproceedings{Aganj2009,
  doi = {10.1109/isbi.2009.5193327},
  url = {https://doi.org/10.1109/isbi.2009.5193327},
  year = {2009},
  month = jun,
  publisher = {{IEEE}},
  author = {Iman Aganj and Christophe Lenglet and Guillermo Sapiro},
  title = {{ODF} reconstruction in q-ball imaging with solid angle consideration},
  booktitle = {2009 {IEEE} International Symposium on Biomedical Imaging: From Nano to Macro}
}

@article{Chamberland2016,
  doi = {10.1002/hbm.23399},
  url = {https://doi.org/10.1002/hbm.23399},
  year = {2016},
  month = sep,
  publisher = {Wiley},
  volume = {38},
  number = {1},
  pages = {509--527},
  author = {Maxime Chamberland and Benoit Scherrer and Sanjay P. Prabhu and Joseph Madsen and David Fortin and Kevin Whittingstall and Maxime Descoteaux and Simon K. Warfield},
  title = {Active delineation of Meyer's loop using oriented priors through {MAGNEtic} tractography ({MAGNET})},
  journal = {Human Brain Mapping}
}

@book{DTI_Handbook,
author = {Van Hecke, Wim and Emsell, Louise and Sunaert, Stefan},
year = {2015},
month = {12},
pages = {},
title = {Diffusion Tensor Imaging: A Practical Handbook},
isbn = {ISBN 978-1-4939-3118-7},
journal = {Diffusion Tensor Imaging: A Practical Handbook},
doi = {10.1007/978-1-4939-3118-7}
}

@article{TuchQBall2004,
  title={Q-Ball Imaging},
  author={S. Tuch, David},
  year={2004},
  publisher={San Val}
}

@Misc{TractometerTool,
    author = {Neher, Peter F. and Laun, Frederik and Stieltjes,Bram and  Maier‐Hein, Klaus},
    year = 2015,
	title = 	 {{Tractometer - ISMRM 2015 Tractography challenge - Tools}},
	howpublished = {http://tractometer.org/ismrm\_2015\_challenge/tools},
	note = 	 {Acessado em: Julho de 2019}
}

@Misc{VMTKNeuro,
    author = {Wu, Shin-Ting and Loos,Wallace Souza and Ramos, Raphael Voltoline and Silva, José Angel Iván Rubianes},
	title = 	 {{VMTK: Visual Manipulation ToolKit for Neuroimages}},
	howpublished = "\url{http://www.dca.fee.unicamp.br/projects/mtk/vmtk-neuro/index.html}",
	year = 2019,
	note = 	 {Acessado em: 10 de Agosto de 2020}
}

@inproceedings{Kindlmann2004,
	author = {Kindlmann, Gordon},
	title = {{Superquadric Tensor Glyphs}},
	booktitle = {Proceedings of the Sixth Joint Eurographics - IEEE TCVG Conference on Visualization},
	series = {VISSYM'04},
	year = {2004},
	isbn = {3-905673-07-X},
	location = {Konstanz, Germany},
	pages = {147--154},
	numpages = {8},
	url = {http://dx.doi.org/10.2312/VisSym/VisSym04/147-154},
	doi = {10.2312/VisSym/VisSym04/147-154},
	acmid = {2384248},
	publisher = {Eurographics Association},
	address = {Aire-la-Ville, Switzerland, Switzerland}
} 

@article{Weinstein1999,
	doi = {10.1109/visual.1999.809894},
	url = {https://doi.org/10.1109/visual.1999.809894},
	publisher = {{IEEE}},
	author = {Weinstein, D. and Kindlmann, G.  and Lundberg, E.},
	title = {Tensorlines: advection-diffusion based propagation through diffusion tensor fields},
	booktitle = {Proceedings Visualization '99 (Cat. No.99CB37067)},
	year={1999}
}

@article {Basser1994,
	Title = {MR diffusion tensor spectroscopy and imaging},
	Author = {Basser, PJ and Mattiello, J and LeBihan, D},
	DOI = {10.1016/s0006-3495(94)80775-1},
	Number = {1},
	Volume = {66},
	Month = {January},
	Year = {1994},
	Journal = {Biophysical journal},
	ISSN = {0006-3495},
	Pages = {259—267},
	URL = {https://europepmc.org/articles/PMC1275686},
}

@article{Tournier2004DirectEO,
  title={Direct estimation of the fiber orientation density function from diffusion-weighted MRI data using spherical deconvolution},
  author={Jacques-Donald Tournier and Fernando Calamante and David G. Gadian and Alan Connelly},
  journal={NeuroImage},
  year={2004},
  volume={23},
  pages={1176-1185}
}

@article{corbo2013,
author = {Corbo, Daniele and Caiazzo, Giuseppina and Trojsi, Francesca and Monsurrò, Maria and Gallo, Antonio and Bonavita, Simona and Tedeschi, Gioacchino and Esposito, Fabrizio},
year = {2013},
month = {10},
pages = {},
title = {Advantages of QBI in TBSS analyses},
volume = {32},
journal = {Magnetic resonance imaging},
doi = {10.1016/j.mri.2013.09.002}
}

@phdthesis{tuch2002,
author = {Tuch, David},
year = {2002},
title = {Diffusion MRI of complex tissue structure},
school = {Massachusetts Institute of Technology, EUA}
}


@article{descoteaux2009,
  title={Deterministic and probabilistic tractography based on complex fibre orientation distributions.},
  author={Descoteaux, M. and Deriche, R. and Knösche, T. R. and Anwander, A.},
  year={2009},
journal = {IEEE transactions on medical imaging}
}

@BOOK {abdulla2014,
    author    = " Lin, Yiqing and Abdulla, Waleed H.",
    title     = "Audio Watermark:  A Comprehensive Foundation Using MATLAB",
    publisher = "Springer",
    year      = "2014"
}

@article{exploredti2009,
  title={ExploreDTI: a graphical toolbox for processing, analyzing, and visualizing diffusion MR data.},
  author={Leemans, A and Jeurissen, B and Sijbers, J and Jones, DK},
  year={2009},
journal = {17th Annual Meeting of Intl Soc Mag Reson Med},
page = {3537}
}


@article{yagmurlu2015,
author = {Yagmurlu, K and Vlasak, AL and Rhoton, AL Jr},
year = {2015},
month = {10},
pages = {},
title = {Three-dimensional topographic fiber tract anatomy of the cerebrum.},
journal = {Operative neurosurgery},
doi = {10.1227/NEU.0000000000000704}
}


@Misc{icosahedron2017,
    author = {Clive Best},
    year = 2017,
	title = 	 {{Tractometer - ISMRM 2015 Tractography challenge - Tools}},
	howpublished = {http://clivebest.com/blog/?p=7820},
	note = 	 {Acessado em 15 de Agosto de 2020}
}
@article{SCHILLING2019194,
title = "Challenges in diffusion MRI tractography – Lessons learned from international benchmark competitions",
journal = "Magnetic Resonance Imaging",
volume = "57",
pages = "194 - 209",
year = "2019",
issn = "0730-725X",
doi = "https://doi.org/10.1016/j.mri.2018.11.014",
url = "http://www.sciencedirect.com/science/article/pii/S0730725X18305162",
author = "Kurt G. Schilling and Alessandro Daducci and Klaus Maier-Hein and Cyril Poupon and Jean-Christophe Houde and Vishwesh Nath and Adam W. Anderson and Bennett A. Landman and Maxime Descoteaux"
}

@article{fillard2011,
author = {Fillard, Pierre and Descoteaux, Maxime and Goh, Alvina and Gouttard, Sylvain and Jeurissen, Ben and Malcolm, James and Ramirez-Manzanares, Alonso and Reisert, Marco and Sakaie, Ken and Tensaouti, Fatima and Yo, Ting-Shuo and Mangin, Jean-François and Poupon, Cyril},
year = {2011},
month = {05},
pages = {220-34},
title = {Quantitative evaluation of 10 tractography algorithms on a realistic diffusion MR phantom},
volume = {56},
journal = {NeuroImage},
doi = {10.1016/j.neuroimage.2011.01.032}
}

@techreport{descoteaux2007,
  TITLE = {{Deterministic and Probabilistic Q-Ball Tractography: from Diffusion to Sharp Fiber Distribution}},
  AUTHOR = {Descoteaux, Maxime and Deriche, Rachid and Anwander, Alfred},
  URL = {https://hal.inria.fr/inria-00166299},
  TYPE = {Research Report},
  NUMBER = {RR-6273},
  PAGES = {36},
  INSTITUTION = {{INRIA}},
  YEAR = {2007},
  KEYWORDS = {fiber tractography ; diffusion tensor imaging (DTI) ; high angular resolution diffusion imaging (HARDI) ; q-ball imaging (QBI) ; spherical deconvolution (SD) ; orientation distribution function (ODF)},
  PDF = {https://hal.inria.fr/inria-00166299/file/RR-6273.pdf},
  HAL_ID = {inria-00166299},
  HAL_VERSION = {v3},
}

@article{jeurissen2011,
author = {Jeurissen, Ben and Leemans, Alexander and Jones, Derek K. and Tournier, Jacques-Donald and Sijbers, Jan},
title = {Probabilistic fiber tracking using the residual bootstrap with constrained spherical deconvolution},
journal = {Human Brain Mapping},
volume = {32},
number = {3},
pages = {461-479},
keywords = {MRI, high-angular resolution diffusion imaging (HARDI), spherical deconvolution, diffusion tensor imaging (DTI), residual bootstrap, probabilistic fiber tractography},
doi = {10.1002/hbm.21032},
url = {https://onlinelibrary.wiley.com/doi/abs/10.1002/hbm.21032},
eprint = {https://onlinelibrary.wiley.com/doi/pdf/10.1002/hbm.21032},
year = {2011}
}

@misc{nielsen1994,
  author = {Jakob Nielsen},
  title = {Response Times: The 3 Important Limits},
  url = {https://www.nngroup.com/articles/response-times-3-important-limits/},
  urldate = {1993-01-01},
  year = {1993},
  note = {Acessado em 08/09/2020.}
}

@article{yeh2010,
author = {Yeh, Fang-Cheng and Wedeen, V.J. and Tseng, Wen-Yih},
year = {2010},
month = {10},
pages = {1626 - 1635},
title = {Generalized Q-Sampling Imaging},
journal = {Medical Imaging, IEEE Transactions on},
doi = {10.1109/TMI.2010.2045126}
}

@article{cheng2018,
author = {Cheng, Jian and Basser, Peter J and Yap, Pew-Thian and Shen, Dinggang},
year = {2018},
month = {01},
pages = {185-199},
title = {Single- and Multiple-Shell Uniform Sampling Schemes for Diffusion MRI Using Spherical Codes.},
journal = {IEEE transactions on medical imaging},
doi = {10.1109/TMI.2017.2756072}
}

@article{caruyer2013,
  title={Design of multishell sampling schemes with uniform coverage in diffusion MRI},
  author={Emmanuel Caruyer and C. Lenglet and G. Sapiro and R. Deriche},
  journal={Magnetic Resonance in Medicine},
  year={2013},
  volume={69}
}


@article{basser2000,
author = {Basser, Peter and Pajevic, Sinisa and Pierpaoli, Carlo and Duda, Jeffrey and Aldroubi, Akram},
year = {2000},
month = {11},
pages = {625-632},
title = {In vivo fiber tractography using DT-MRI data},
volume = {44},
journal = {Magnetic resonance in medicine : official journal of the Society of Magnetic Resonance in Medicine / Society of Magnetic Resonance in Medicine},
doi = {10.1002/1522-2594(200010)44:43.0.CO;2-O}
}

@book{Kolb2015,
    title = {Fundamentals of Human Neuropsychology},
    publisher = {Worth Publishers},
    year = {2015},
    author = {Kolb, Bryan and Whishaw, Ian Q.},
    keywords = {book.brain},
    edition = {7},
}

@article{zhang2018,
   title={Corticospinal Tract (CST) Reconstruction Based on Fiber Orientation Distributions (FODs) Tractography},
   ISBN={9781538662175},
   url={http://dx.doi.org/10.1109/BIBE.2018.00066},
   DOI={10.1109/bibe.2018.00066},
   journal={2018 IEEE 18th International Conference on Bioinformatics and Bioengineering (BIBE)},
   publisher={IEEE},
   author={Zhang, Youshan},
   year={2018},
   month={Oct}
}

@article{lebihan2006,
author = {Le Bihan, Denis and Poupon, Cyril and Amadon, Alexis and Lethimonnier, Franck},
title = {Artifacts and pitfalls in diffusion MRI},
journal = {Journal of Magnetic Resonance Imaging},
volume = {24},
number = {3},
pages = {478-488},
keywords = {diffusion, artifacts, MRI physics, eddy currents, EPI},
doi = {https://doi.org/10.1002/jmri.20683},
url = {https://onlinelibrary.wiley.com/doi/abs/10.1002/jmri.20683},
eprint = {https://onlinelibrary.wiley.com/doi/pdf/10.1002/jmri.20683},
year = {2006}
}

@article{hagman2003,
title = "DTI mapping of human brain connectivity: statistical fibre tracking and virtual dissection",
journal = "NeuroImage",
volume = "19",
number = "3",
pages = "545 - 554",
year = "2003",
issn = "1053-8119",
doi = "https://doi.org/10.1016/S1053-8119(03)00142-3",
url = "http://www.sciencedirect.com/science/article/pii/S1053811903001423",
author = "P. Hagmann and J.-P. Thiran and L. Jonasson and P. Vandergheynst and S. Clarke and P. Maeder and R. Meuli",
keywords = "Fibre tracking, Diffusion tensor imaging, Connectivity, Brain atlas"
}

@article{peeters2009,
  author={T. H. J. M. {Peeters} and V. {Prckovska} and M. {van Almsick} and A. {Vilanova} and B. M. {ter Haar Romeny}},
  booktitle={2009 IEEE Pacific Visualization Symposium}, 
  title={Fast and sleek glyph rendering for interactive HARDI data exploration}, 
  year={2009},
  volume={},
  number={},
  pages={153-160},
  doi={10.1109/PACIFICVIS.2009.4906851}
  }
  
  @article{hlawitschka2012,
  author={M. {Hlawitschka} and Y. {Hijazi} and A. {Knoll} and B. {Hamann}},
  booktitle={Visualization in Medicine and Life Sciences II}, 
  title={Towards a High-quality Visualization of Higher-order Reynold’s Glyphs for Diffusion Tensor Imaging}, 
  year={2012},
  volume={},
  number={},
  pages={209-225},
  doi={https://doi.org/10.1007/978-3-642-21608-4_12}
}

@ARTICLE{peeters2011,
  author={T. H. J. M. {Peeters} and M. {van Almsick} and  V. {Prckovska} and A. {Vilanova} and B. {ter Haar Romeny}},
  journal={IEEE Transactions on Visualization and Computer Graphics}, 
  title={GPU-Based Ray-Casting of Spherical Functions Applied to High Angular Resolution Diffusion Imaging}, 
  year={2011},
  volume={17},
  number={5},
  pages={612-625},
  doi={10.1109/TVCG.2010.61}}

@article{wedeen2005,
author = {Wedeen, Van J. and Hagmann, Patric and Tseng, Wen-Yih Isaac and Reese, Timothy G. and Weisskoff, Robert M.},
title = {Mapping complex tissue architecture with diffusion spectrum magnetic resonance imaging},
journal = {Magnetic Resonance in Medicine},
volume = {54},
number = {6},
pages = {1377-1386},
doi = {https://doi.org/10.1002/mrm.20642},
url = {https://onlinelibrary.wiley.com/doi/abs/10.1002/mrm.20642},
eprint = {https://onlinelibrary.wiley.com/doi/pdf/10.1002/mrm.20642},
year = {2005}
}

@article{dellacqua2019,
author = {Dell'Acqua, Flavio and Tournier, J.-Donald},
title = {Modelling white matter with spherical deconvolution: How and why?},
journal = {NMR in Biomedicine},
volume = {32},
number = {4},
pages = {e3945},
keywords = {diffusion imaging, diffusion tensor imaging, fiber orientation density function, fiber response, ODF, MRI, spherical deconvolution, tractography},
doi = {https://doi.org/10.1002/nbm.3945},
url = {https://onlinelibrary.wiley.com/doi/abs/10.1002/nbm.3945},
eprint = {https://onlinelibrary.wiley.com/doi/pdf/10.1002/nbm.3945},
note = {e3945 NBM-17-0226.R1},
year = {2019}
}

@article{descoteaux2007_QBI,
author = {Descoteaux, Maxime and Angelino, Elaine and Fitzgibbons, Shaun and Deriche, Rachid},
title = {Regularized, fast, and robust analytical Q-ball imaging},
journal = {Magnetic Resonance in Medicine},
volume = {58},
number = {3},
pages = {497-510},
keywords = {diffusion tensor imaging (DTI), high angular resolution diffusion imaging (HARDI), Q-ball imaging (QBI), fiber tractography, orientation distribution function (ODF), regularization, Funk Radon transform, spherical harmonic},
doi = {https://doi.org/10.1002/mrm.21277},
url = {https://onlinelibrary.wiley.com/doi/abs/10.1002/mrm.21277},
eprint = {https://onlinelibrary.wiley.com/doi/pdf/10.1002/mrm.21277},
year = {2007}
}

@article{tournier2011,
author = {Tournier, Jacques-Donald and Mori, Susumu and Leemans, Alexander},
title = {Diffusion tensor imaging and beyond},
journal = {Magnetic Resonance in Medicine},
volume = {65},
number = {6},
pages = {1532-1556},
doi = {https://doi.org/10.1002/mrm.22924},
url = {https://onlinelibrary.wiley.com/doi/abs/10.1002/mrm.22924},
eprint = {https://onlinelibrary.wiley.com/doi/pdf/10.1002/mrm.22924},
year = {2011}
}

@article{tournier2019,
title = "MRtrix3: A fast, flexible and open software framework for medical image processing and visualisation",
journal = "NeuroImage",
volume = "202",
pages = "116137",
year = "2019",
issn = "1053-8119",
doi = "https://doi.org/10.1016/j.neuroimage.2019.116137",
url = "http://www.sciencedirect.com/science/article/pii/S1053811919307281",
author = "J-Donald Tournier and Robert Smith and David Raffelt and Rami Tabbara and Thijs Dhollander and Maximilian Pietsch and Daan Christiaens and Ben Jeurissen and Chun-Hung Yeh and Alan Connelly",
keywords = "MRI, Software, Image, Processing, Visualisation"
}

@ARTICLE{daducci2014,
  author={A. {Daducci} and E. J. {Canales-Rodrı´guez} and M. {Descoteaux} and E. {Garyfallidis} and Y. {Gur} and Y. {Lin} and M. {Mani} and S. {Merlet} and M. {Paquette} and A. {Ramirez-Manzanares} and M. {Reisert} and P. R. {Rodrigues} and F. {Sepehrband} and E. {Caruyer} and J. {Choupan} and R. {Deriche} and M. {Jacob} and G. {Menegaz} and V. {Prčkovska} and M. {Rivera} and Y. {Wiaux} and J. {Thiran}},
  journal={IEEE Transactions on Medical Imaging}, 
  title={Quantitative Comparison of Reconstruction Methods for Intra-Voxel Fiber Recovery From Diffusion MRI}, 
  year={2014},
  volume={33},
  number={2},
  pages={384-399},
  doi={10.1109/TMI.2013.2285500}}
  
@article{tournier2007,
title = {Robust determination of the fibre orientation distribution in diffusion MRI: Non-negativity constrained super-resolved spherical deconvolution},
journal = {NeuroImage},
volume = {35},
number = {4},
pages = {1459-1472},
year = {2007},
issn = {1053-8119},
doi = {https://doi.org/10.1016/j.neuroimage.2007.02.016},
url = {https://www.sciencedirect.com/science/article/pii/S1053811907001243},
author = {J-Donald Tournier and Fernando Calamante and Alan Connelly}
}


@inbook{descoteaux2015,
author = {Descoteaux, Maxime},
publisher = {American Cancer Society},
isbn = {9780471346081},
title = {High Angular Resolution Diffusion Imaging (HARDI)},
booktitle = {Wiley Encyclopedia of Electrical and Electronics Engineering},
chapter = {},
pages = {1-25},
doi = {https://doi.org/10.1002/047134608X.W8258},
url = {https://onlinelibrary.wiley.com/doi/abs/10.1002/047134608X.W8258},
eprint = {https://onlinelibrary.wiley.com/doi/pdf/10.1002/047134608X.W8258},
year = {2015},
}







